@article{AR00,
  author = {\'{A}lvarez, Carme and Greenlaw, Raymond},
  journal = {Computational Complexity},
  pages = {123--145},
  title = {A {C}ompendium of {P}roblems {C}omplete for {S}ymmetric {L}ogarithmic {S}pace},
  volume = 9,
  number = 2,
  year = 2000,
  doi = {10.1007/PL00001603}
}

@article{RM08,
     author = {Reingold, Omer},
     title = {Undirected {C}onnectivity in {L}og-space},
     journal = {J. ACM},
     volume = {55},
     number = {4},
     month = sep,
     year = {2008},
     issn = {0004-5411},
     pages = {1--24},
     doi = {10.1145/1391289.1391291},
     publisher = {ACM},
     address = {New York, NY, USA}
}

@book{MM11,
  author = {Moore, Cristopher and Mertens, Stephan},
  publisher = {Oxford University Press},
  title = {The {N}ature of {C}omputation},
  year = 2011,
  pages = {366},
  ISBN = {9780199233212}
}

@article{AS17,
  title={P $^{\underline{\underline{?}}}$ {NP}},
  author={Aaronson, Scott},
  journal={Electronic Colloquium on Computational Complexity, Report No. 4},
  year={2017},
  publisher={ECCC}
}

@misc{CS00,
   author = {Cook, Stephen A.},
   title = {The {P} versus {NP} {P}roblem},
   year = {2000},
   month = {April},
   note ={In Clay Mathematics Institute at \url{http://www.claymath.org/sites/default/files/pvsnp.pdf}}
}

@book{CLRS01,
 author = {Cormen, Thomas H. and Leiserson, Charles E. and Rivest, Ronald L. and Stein, Clifford},
 title = {Introduction to {A}lgorithms},
 year = {2009},
 isbn = {0262033844, 9780262033848},
 edition = {3rd},
 publisher = {The MIT Press}
}

@book{GJ79,
  author = {Garey, Michael R. and Johnson, David S.},
  edition = {1},
  publisher = {San Francisco: W. H. Freeman and Company},
  title = {Computers and {I}ntractability: {A} {G}uide to the {T}heory of {NP}-{C}ompleteness},
  year = 1979,
  ISBN = {0-7167-1045-5}
}

@article{GA12,
  title={Guest column: The second {P} $^{\underline{\underline{?}}}$ {NP} poll},
  author={Gasarch, William I.},
  journal={ACM SIGACT News},
  volume={43},
  number={2},
  pages={53--77},
  year={2012},
  publisher={ACM}
}

@book{OG10,
  title={P, {NP}, and {NP}-{C}ompleteness: {T}he basics of computational complexity},
  author={Goldreich, Oded},
  year={2010},
  isbn = {052119248X, 978-0521192484},
  publisher={Cambridge University Press}
}


@book{Pap03,
  title={Computational complexity},
  author={Papadimitriou, Christos H.},
  year={1994},
  isbn = {0201530821, 978-0201530827},
  publisher={Addison-Wesley}
}

@book{MS06,
  title={Introduction to the {T}heory of {C}omputation},
  author={Sipser, Michael},
  volume={2},
  year={2006},
  isbn = {113318779X, 978-1133187790},
  publisher={Thomson Course Technology Boston}
}

@book{AB09,
  title={Computational complexity: a modern approach},
  author={Arora, Sanjeev and Barak, Boaz},
  year={2009},
  isbn = {9780521424264, 978-0521424264},
  publisher={Cambridge University Press}
}

@misc{FV19,
  author = {Vega, Frank},
  title = {Verify{R}eduction},
  year = {2019},
  month = {August},
  note ={In a GitHub repository at \url{https://github.com/frankvegadelgado/VerifyReduction}},
  commit = {33c59211a176f5c43b4f8bcd3a5e3611d356896a}
}


@book{OD16,
 author = {Odersky, Martin and Spoon, Lex and Venners, Bill},
 title = {Programming in Scala: Updated for Scala 2.12},
 year = {2016},
 isbn = {0981531687, 9780981531687},
 edition = {3rd},
 publisher = {Artima Incorporation},
 address = {USA},
}
